@article{PhysRevLett.105.158104,
  title = {Irregular Collective Behavior of Heterogeneous Neural Networks},
  author = {Luccioli, Stefano and Politi, Antonio},
  journal = {Phys. Rev. Lett.},
  volume = {105},
  issue = {15},
  pages = {158104},
  numpages = {4},
  year = {2010},
  month = {Oct},
  publisher = {American Physical Society},
  doi = {10.1103/PhysRevLett.105.158104},
  url = {https://link.aps.org/doi/10.1103/PhysRevLett.105.158104}
}


@article{brunel2007quantitative,
	title={Quantitative investigations of electrical nerve excitation treated as polarization},
	author={Brunel, Nicolas and Van Rossum, Mark CW},
	journal={Biological Cybernetics},
	volume={97},
	number={5},
	pages={341--349},
	year={2007},
	publisher={Springer-Verlag}
}

@article{brunel2000dynamics,
	title={Dynamics of sparsely connected networks of excitatory and inhibitory spiking neurons},
	author={Brunel, Nicolas},
	journal={Journal of computational neuroscience},
	volume={8},
	number={3},
	pages={183--208},
	year={2000},
	publisher={Springer}
}

@misc{safaeesirat2020critical,
      title={Critical behaviour at the onset of synchronization in a neuronal model}, 
      author={Amin Safaeesirat and Saman Moghimi-Araghi},
      year={2020},
      eprint={2010.01493},
      archivePrefix={arXiv},
      primaryClass={cond-mat.dis-nn}
}

 @misc{penttila_2022, title={Neuroanatomy: The basics}, url={https://www.dana.org/article/neuroanatomy-the-basics/}, journal={Dana Foundation}, publisher={Dana Foundation}, author={Penttila, Nicky}, year={2022}, month={Aug}}
 
 @article{Tomlinson2017SecondaryGO,
 	title={Secondary generalization of focal-onset seizures: examining the relationship between seizure propagation and epilepsy surgery outcome.},
 	author={Samuel B. Tomlinson and Arun Venkataraman},
 	journal={Journal of neurophysiology},
 	year={2017},
 	volume={117 4},
 	pages={
 	1426-1430
 	}
 }

@article{lapicque:jppg1907,
	added-at = {2008-03-11T14:52:34.000+0100},
	annote = {Introduces originate-and-fire neuron model; citation is from \emcite{dayan:book01}},
	author = {Lapicque, L.},
	biburl = {https://www.bibsonomy.org/bibtex/2081ac6ecdfcf0e067c1a91a9d604fc0f/idsia},
	citeulike-article-id = {2377671},
	interhash = {73ed5b93053d73c756c35f3a9112b63e},
	intrahash = {081ac6ecdfcf0e067c1a91a9d604fc0f},
	journal = {Journal de Physiologie et Pathologie General},
	keywords = {nn},
	pages = {620--635},
	priority = {2},
	timestamp = {2008-03-11T15:02:57.000+0100},
	title = {Recherches Quantitatives {sur} {l'}Excitation Electrique des Nerfs Trait{\'e}e comme une Polarization},
	volume = 9,
	year = 1907
}
@article{Erö2018,
	author = {Erö, Csaba and Gewaltig, Marc-Oliver and Keller, Daniel and Markram, Henry},
	year = {2018},
	month = {11},
	pages = {},
	title = {A Cell Atlas for the Mouse Brain},
	volume = {12},
	journal = {Frontiers in Neuroinformatics},
	doi = {10.3389/fninf.2018.00084}
}
