@article{PhysRevLett.105.158104,
  title = {Irregular Collective Behavior of Heterogeneous Neural Networks},
  author = {Luccioli, Stefano and Politi, Antonio},
  journal = {Phys. Rev. Lett.},
  volume = {105},
  issue = {15},
  pages = {158104},
  numpages = {4},
  year = {2010},
  month = {Oct},
  publisher = {American Physical Society},
  doi = {10.1103/PhysRevLett.105.158104},
  url = {https://link.aps.org/doi/10.1103/PhysRevLett.105.158104}
}
